<record><leader>00000cas a2200000 a 4500</leader><controlfield tag="001">12213221</controlfield><controlfield tag="008">850628d18881893ksuwr ne      0    0eng d</controlfield><datafield ind1=" " ind2=" " tag="010"><subfield code="a">sn 85031374 </subfield></datafield><datafield ind1=" " ind2=" " tag="040"><subfield code="a">KSH</subfield><subfield code="b">eng</subfield><subfield code="c">KSH</subfield><subfield code="d">NPT</subfield><subfield code="d">OCL</subfield><subfield code="d">OCLCQ</subfield></datafield><datafield ind1=" " ind2=" " tag="042"><subfield code="a">msc</subfield></datafield><datafield ind1="0" ind2="0" tag="245"><subfield code="a">Mills' weekly world.</subfield></datafield><datafield ind1="1" ind2="3" tag="246"><subfield code="a">Western world</subfield><subfield code="f">Apr. 18-Aug. 29, 1893</subfield></datafield><datafield ind1=" " ind2=" " tag="260"><subfield code="a">Cherryvale, Kan. :</subfield><subfield code="b">Harry Mills</subfield></datafield><datafield ind1=" " ind2=" " tag="300"><subfield code="a">v. ;</subfield><subfield code="c">38-60 cm.</subfield></datafield><datafield ind1=" " ind2=" " tag="310"><subfield code="a">Weekly</subfield></datafield><datafield ind1="1" ind2=" " tag="362"><subfield code="a">Began with Aug. 1, 1888 issue? Ceased with Aug. 29, 1893 issue?</subfield></datafield><datafield ind1=" " ind2=" " tag="500"><subfield code="a">Published in Altamont, Kan., Mar. 2, 1889-Nov. 10, 1891; in Parsons, Kan., Nov. 24, 1891-Apr. 11, 1893.</subfield></datafield><datafield ind1=" " ind2=" " tag="500"><subfield code="a">Suspended with Nov. 7, 1888 issue; resumed with Mar. 2, 1889 issue.</subfield></datafield><datafield ind1=" " ind2=" " tag="500"><subfield code="a">Published by: Sourbeer &amp; Mills, Nov. 24-Apr. 26, 1892; H.C. Sourbeer, May 3, 1892-Apr. 11, 1893.</subfield></datafield><datafield ind1=" " ind2=" " tag="525"><subfield code="a">Supplements included.</subfield></datafield><datafield ind1=" " ind2=" " tag="588"><subfield code="a">Description based on: Vol. 1, no. 2 (Aug. 8, 1888).</subfield></datafield><datafield ind1=" " ind2=" " tag="752"><subfield code="a">United States</subfield><subfield code="b">Kansas</subfield><subfield code="c">Montgomery</subfield><subfield code="d">Cherryvale.</subfield></datafield><datafield ind1=" " ind2=" " tag="752"><subfield code="a">United States</subfield><subfield code="b">Kansas</subfield><subfield code="c">Labette</subfield><subfield code="d">Altamont.</subfield></datafield><datafield ind1=" " ind2=" " tag="752"><subfield code="a">United States</subfield><subfield code="b">Kansas</subfield><subfield code="c">Labette</subfield><subfield code="d">Parsons.</subfield></datafield></record>